% Encoding: UTF-8

 
@Article{Salim2024,
  author       = {Salim, Fahim A. and Postma, Dees B. W. and Haider, Fasih and Luz, Saturnino and Beijnum, Bert-Jan F. van and Reidsma, Dennis},
  date         = {2024-04},
  journaltitle = {Frontiers in Sports and Active Living},
  title        = {Enhancing volleyball training: empowering athletes and coaches through advanced sensing and analysis},
  doi          = {10.3389/fspor.2024.1326807},
  issn         = {2624-9367},
  volume       = {6},
  publisher    = {Frontiers Media SA},
}

 
@Article{Musa2021,
  author       = {Musa, Rabiu Muazu and Abdul Majeed, Anwar P.P. and Suhaimi, Muhammad Zuhaili and Abdullah, Mohamad Razali and Mohd Razman, Mohd Azraai and Abdelhakim, Deboucha and Abu Osman, Noor Azuan},
  date         = {2021-09},
  journaltitle = {Proceedings of the Institution of Mechanical Engineers, Part P: Journal of Sports Engineering and Technology},
  title        = {Identification of high-performance volleyball players from anthropometric variables and psychological readiness: A machine-learning approach},
  doi          = {10.1177/17543371211045451},
  issn         = {1754-338X},
  number       = {4},
  pages        = {317--324},
  volume       = {237},
  publisher    = {SAGE Publications},
}

 
@Article{Dai2021,
  author       = {Dai, Xianyan and Li, Shangbin},
  date         = {2021-01},
  journaltitle = {Wireless Communications and Mobile Computing},
  title        = {Volleyball Data Analysis System and Method Based on Machine Learning},
  doi          = {10.1155/2021/9943067},
  editor       = {Wu, Wenqing},
  issn         = {1530-8677},
  number       = {1},
  volume       = {2021},
  publisher    = {Wiley},
}

 
@Article{Leeuw2021,
  author       = {de Leeuw, Arie‚ÄêWillem and van der Zwaard, Stephan and van Baar, Rick and Knobbe, Arno},
  date         = {2021-02},
  journaltitle = {European Journal of Sport Science},
  title        = {Personalized machine learning approach to injury monitoring in elite volleyball players},
  doi          = {10.1080/17461391.2021.1887369},
  issn         = {1536-7290},
  number       = {4},
  pages        = {511--520},
  volume       = {22},
  publisher    = {Wiley},
}

 
@Article{Fadl2020,
  author       = {Fadl, Marwa Ahmed},
  date         = {2020-02},
  journaltitle = {American Journal of Biochemistry and Biotechnology},
  title        = {Preparation of a Measure of Kinetic Analysis using Artificial Intelligence Methods for Volleyball Coaches},
  doi          = {10.3844/ajbbsp.2020.216.221},
  issn         = {1553-3468},
  number       = {2},
  pages        = {216--221},
  volume       = {16},
  publisher    = {Science Publications},
}

 
@Article{Huang2023,
  author       = {Huang, Jieli and Zou, Wenjun},
  date         = {2023},
  journaltitle = {International Journal of Advanced Computer Science and Applications},
  title        = {Artificial Intelligence-based Volleyball Target Detection and Behavior Recognition Method},
  doi          = {10.14569/ijacsa.2023.0140970},
  issn         = {2158-107X},
  number       = {9},
  volume       = {14},
  publisher    = {The Science and Information Organization},
}

 
@Article{Yu2022,
  author       = {Yu, Zhida and Zhong, Yuanyuan and Shao, Zhe},
  date         = {2022-07},
  journaltitle = {Mobile Information Systems},
  title        = {Application of Machine Learning and Digital Information Technology in Volleyball},
  doi          = {10.1155/2022/7080579},
  editor       = {Zhu, Fusheng},
  issn         = {1574-017X},
  pages        = {1--11},
  volume       = {2022},
  publisher    = {Hindawi Limited},
}

 
@Book{MuazuMusa2021,
  author       = {Muazu Musa, Rabiu and Abdul Majeed, Anwar P. P. and Suhaimi, Muhammad Zuhaili and Mohd Razman, Mohd Azraai and Abdullah, Mohamad Razali and Abu Osman, Noor Azuan},
  date         = {2021},
  title        = {Machine Learning in Elite Volleyball: Integrating Performance Analysis, Competition and Training Strategies},
  doi          = {10.1007/978-981-16-3192-4},
  isbn         = {9789811631924},
  publisher    = {Springer Singapore},
  issn         = {2191-5318},
  journaltitle = {SpringerBriefs in Applied Sciences and Technology},
}

@Article{Liu2021,
  author       = {Liu, Aijun and Mahapatra, Rajendra Prasad and Mayuri, A. V. R.},
  date         = {2021-10},
  journaltitle = {Complex and Intelligent Systems},
  title        = {Hybrid design for sports data visualization using AI and big data analytics},
  doi          = {10.1007/s40747-021-00557-w},
  issn         = {2198-6053},
  number       = {3},
  pages        = {2969--2980},
  volume       = {9},
  publisher    = {Springer Science and Business Media LLC},
}

 
@Article{Morgulev2018,
  author       = {Morgulev, Elia and Azar, Ofer H. and Lidor, Ronnie},
  date         = {2018-01},
  journaltitle = {International Journal of Data Science and Analytics},
  title        = {Sports analytics and the big-data era},
  doi          = {10.1007/s41060-017-0093-7},
  issn         = {2364-4168},
  number       = {4},
  pages        = {213--222},
  volume       = {5},
  publisher    = {Springer Science and Business Media LLC},
}

@Comment{jabref-meta: databaseType:biblatex;}
