% Encoding: UTF-8

 
@Article{Harabagiu2023,
  author       = {Harabagiu, Neculai and PÃ¢rvu, Carmen},
  date         = {2023-11},
  journaltitle = {Revista Romaneasca pentru Educatie Multidimensionala},
  title        = {Analysis on the Increase of Efficiency at the Reception, Using the Data Volley Statistical Analysis Software},
  doi          = {10.18662/rrem/15.4/794},
  issn         = {2066-7329},
  number       = {4},
  pages        = {297--307},
  volume       = {15},
  publisher    = {Asociatia LUMEN},
}

 
@Article{Sun2021,
  author       = {Sun, Xu and Zhao, Kai and Jiang, Wei and Jin, Xinlong},
  date         = {2021-01},
  journaltitle = {Journal of Sensors},
  title        = {Method of Analyzing and Managing Volleyball Action by Using Action Sensor of Mobile Device},
  doi          = {10.1155/2021/6232968},
  editor       = {Zhou, Mu},
  issn         = {1687-7268},
  number       = {1},
  volume       = {2021},
  publisher    = {Wiley},
}

@Comment{jabref-meta: databaseType:biblatex;}
